@book{adams2012hitchhiker,
  title={Performance analysis of cloud with queue-dependent virtual machines},
  author={Veena Goswami, Sudhansu SHEKHAR Patra, G. B. Mund},
  url={https://www.researchgate.net/publication/254031274_Performance_analysis_of_cloud_with_queue-dependent_virtual_machines},
  year={2012},
  publisher={KIIT University}
}

@book{adams2015hitchhiker,
  title={File dâ€™Attente},
  author={Pougne Pandore},
  url={https://pandore2015.fr/pougnes/pougneFileAttente.pdf},
  year={2015},
  publisher={pandore}
}


